% Encoding: UTF-8


@Book{vek_ana,
  Title                    = {Vektoranalysis: Differentialformen in Analysis, Geometrie und Physik (German Edition)},
  Author                   = {Ilka Agricola and Thomas Friedrich},
  Publisher                = {Vieweg+Teubner Verlag},
  Year                     = {2010},
  ISBN                     = {9783834810168}
}

@Booklet{chern,
  Title                    = {A Simple Intrinsic Proof of the Gauss-Bonnet Formula for Closed Riemannian Manifolds},
  Author                   = {Shiing-Shen Chern},
  HowPublished             = {Annals of Mathematics, Second Series, Vol. 45, pp. 747-752},
  Year                     = {1944}
}

@Book{pollack,
  Title                    = {Differential Topology},
  Author                   = {Victor Guillemin and Alan Pollack},
  Publisher                = {Prentice Hall},
  Year                     = {1974},

  ISBN                     = {0132126052}
}

@Book{jost,
  Title                    = {Riemannian Geometry and Geometric Analysis (Universitext)},
  Author                   = {Jürgen Jost},
  Publisher                = {Springer},
  Year                     = {2011},

  ISBN                     = {3642212972}
}

@Booklet{melcherNA1,
  Title                    = {Nonlinear Analysis: An introduction to topological methods},
  Author                   = {Christof Melcher},
  HowPublished             = {Vorlesungsskript (RWTH Aachen)},
  Year                     = {2016}
}

@Booklet{melcherAna3,
  Title                    = {Analysis III - Winter 2015/16},
  Author                   = {Christof Melcher},
  HowPublished             = {Vorlesungsskript (RWTH Aachen)},
  Year                     = {2015}
}

@Book{MilnorMorse,
  Title                    = {Morse Theory},
  Author                   = {John Milnor},
  Publisher                = {Princeton University Press},
  Year                     = {1973},

  ISBN                     = {0691080089}
}

@Book{milnortop,
  Title                    = {Topology from the Differentiable Viewpoint},
  Author                   = {John Milnor},
  Publisher                = {The University Press of Virginia},
  Year                     = {1972},

  ISBN                     = {9780813901817}
}

@Book{spivak,
  Title                    = {Calculus On Manifolds: A Modern Approach To Classical Theorems Of Advanced Calculus},
  Author                   = {Michael Spivak},
  Publisher                = {Westview Press},
  Year                     = {1971},

  ISBN                     = {0805390219}
}

@Book{warner,
  Title                    = {Foundations of Differentiable Manifolds and Lie Groups (Graduate Texts in Mathematics) (v. 94)},
  Author                   = {Frank W. Warner},
  Publisher                = {Springer},
  Year                     = {1983},

  ISBN                     = {0387908943}
}

@Booklet{Ausarb_Stokes,
  Title                    = {Der Satz von Stokes},
  Author                   = {Pascal Ziegler},
  HowPublished             = {Seminarausarbeitung},
  Year                     = {2017}
}

@Book{Mukherjee,
  title     = {Differential Topology},
  publisher = {Springer International Publishing},
  year      = {2015},
  author    = {Amiya Mukherjee},
  isbn      = {9783319190457},
}


@Book{koenigsberger,
  title     = {Analysis 2},
  publisher = {Springer-Verlag GmbH},
  year      = {2004},
  author    = {Königsberger, Konrad},
  isbn      = {3540203893},
  date      = {2004-03-11},
}

@Book{munkres,
  title     = {Elementary Differential Topology},
  publisher = {Princeton University Press},
  year      = {1963},
  author    = {Munkres, James R.},
}

@Book{forster3,
  title     = {Analysis 3: Maß- und Integrationstheorie, Integralsätze im $\mathbb{R}^n$ und Anwendungen (Aufbaukurs Mathematik) (German Edition)},
  publisher = {Vieweg+Teubner Verlag},
  year      = {2012},
  author    = {Otto Forster},
  isbn      = {9783834823731},
}

@Book{lee,
  title     = {Introduction to Topological Manifolds},
  publisher = {Springer-Verlag GmbH},
  year      = {2011},
  author    = {Lee, John M.},
  isbn      = {9781441979391},
  date      = {2011-01-11},
}

@Book{hatcher,
  title     = {Algebraic Topology},
  publisher = {Cambridge University Pr.},
  year      = {2001},
  author    = {Hatcher, Allen},
  isbn      = {9780521795401},
}

@Book{basicTopology,
  title     = {Basic Topology},
  publisher = {McGraw-Hill Inc.,US},
  year      = {1979},
  author    = {Mark A. Armstrong},
  isbn      = {0-07-084090-3},
}

@Article{Ryder,
  author  = {Lewis H. Ryder},
  title   = {The optical Berry phase and the Gauss-Bonnet theorem},
  journal = {European Journal of Physics},
  year    = {1991},
  volume  = {12},
  number  = {1},
  pages   = {15},
  url={http://stacks.iop.org/0143-0807/12/i=1/a=003}
}

@Article{ChiaoWu,
  author    = {Raymond Y.Chiao and Yong-Shi Wu},
  title     = {Manifestations of Berry's Topological Phase for the Photon},
  journal   = {Phys. Rev. Lett.},
  year      = {1986},
  volume    = {57},
  pages     = {933-936},
  publisher = {American Physical Society},
  url       = {https://link.aps.org/doi/10.1103/PhysRevLett.57.933},
}

@article {Fenchel,
author = {Werner Fenchel},
title = {On Total Curvatures of Riemannian Manifolds: I},
journal = {Journal of the London Mathematical Society},
volume = {15},
number = {1},
url = {https://doi.org/10.1112/jlms/s1-15.1.15},
pages = {15-22},
year = {1940},
}

@article {Allendoerfer,
author = {Carl B. Allendoerfer},
title = {The Euler Number of a Reimannian manifold},
journal = {American Journal of Mathematics},
volume = {62},
number = {1},
url = {https://doi.org/10.2307/2371450},
pages = {243-248},
year = {1940},
}

@article{Hopf,
author={Heinz Hopf},
title= {Über die Curvatura integra geschlossener Hyperflächen},
journal = {Mathematische Annalen},
volume = {95},
pages={340-367},
year={1925},
}

@Book{SpivakDiffgeom5,
  title     = {A Comprehensive Introduction to Differential Geometry (5 Volume Set)},
  publisher = {Publish Or Perish},
  year      = {1979},
  author    = {Michael Spivak},
  isbn      = {0914098837},
}

@Article{TomitaChiao,
  author    = {Akira Tomita and Raymond Y. Chiao},
  title     = {Observation of Berry's Topological Phase by Use of an Optical Fiber},
  journal   = {Phys. Rev. Lett.},
  year      = {1986},
  volume    = {57},
  pages     = {937--940},
  publisher = {American Physical Society},
  url       = {https://link.aps.org/doi/10.1103/PhysRevLett.57.937},
}

@Book{doCarmo,
  title     = {Differential Forms and Applications (Universitext)},
  publisher = {Springer},
  year      = {1994},
  author    = {Manfredo P. Do Carmo},
  isbn      = {0387576185},
}

@book{Stoker,
  title={Differential Geometry},
  author={James J. Stoker},
  isbn={0-471-82825-4},
  series={Pure and Applied Mathematics},
  year={1969},
  publisher={Wiley-Interscience}
}

@article{Haldane,
author = {F. D. M. Haldane},
journal = {Opt. Lett.},
number = {11},
pages = {730--732},
publisher = {OSA},
title = {Path dependence of the geometric rotation of polarization in optical fibers},
volume = {11},
year = {1986},
url = {http://ol.osa.org/abstract.cfm?URI=ol-11-11-730},
}

@article{Segert,
  title = {Photon Berry's phase as a classical topological effect},
  author = {Jan Segert},
  journal = {Phys. Rev. A},
  volume = {36},
  issue = {1},
  pages = {10--15},
  year = {1987},
  publisher = {American Physical Society},
  url = {https://link.aps.org/doi/10.1103/PhysRevA.36.10},
}

@article{Ross,
author={J. N. Ross},
title={The rotation of the polarization in low birefringence monomode optical fibres due to geometric effects},
journal={Optical and Quantum Electronics},
year={1984},
volume={16},
number={5},
pages={455-461},
url={https://doi.org/10.1007/BF00619638},
}


@Comment{jabref-meta: databaseType:bibtex;}
