@book{Gusf97,
  author = {D.\ Gusfield},
  title = {{Algorithms on Strings, Trees and Sequences}},
  publisher = {Cambridge University Press},
  year = {1997}
}

@thesis {Thesis1,
  author = {Tobias Modschiedler},
  title  = {Upgrading an off-the-shelf coffee machine with {RFID}-based access control},
  year   = {2014}
}

@thesis {Thesis2,
  author = {Karim Ben Ammar},
  title  = {Design and Implementation of an {IoT}-based Control Device for an off-the-shelf Coffee Machine},
  year   = {2017}
}

@MISC {Saeco,
  author = {Saeco},
  title = {{Saeco Royal Professional Operating Instructions}},
  HOWPUBLISHED = "\url{https://www.download.p4c.philips.com/files/0/0351.0us.77g/0351.0us.77g_dfu_aen.pdf}",
  NOTE = "Accessed on 2020-02-19"
}

@MISC {ISO:Usability,
  AUTHOR = "ISO",
  YEAR = "2018",
  TITLE = "{ISO 9241-11:2018 Ergonomics of human-system interaction â€” Part 11: Usability: Definitions and concepts}"
}

@MISC{WEBSITE:1,
	HOWPUBLISHED = "\url{http://example.com}",
	AUTHOR = "Intel",
	TITLE = "Example Website",
	MONTH = "Dec",
	YEAR = "1988",
	NOTE = "Accessed on 2012-11-11"
}

@MISC{PI:GPIO,
  HOWPUBLISHED = "\url{https://www.raspberrypi.org/documentation/hardware/raspberrypi/gpio/}",
  AUTHOR = "Raspberry Pi Foundation",
  TITLE = "{GPIO}", 
  NOTE = "Accessed on 2020-02-19"
}

@MISC{PI:BCM,
  AUTHOR = "Broadcom Corporation",
  TITLE = "{BCM2837 ARM Peripherals}", 
  HOWPUBLISHED = "\url{https://github.com/raspberrypi/documentation/files/1888662/BCM2837-ARM-Peripherals.-.Revised.-.V2-1.pdf}",
}

@MISC{3dprinter,
  AUTHOR = "formlabs",
  TITLE = "{formlabs Form2}",
  HOWPUBLISHED = "\url{https://formlabs.com/3d-printers/form-2/}",
  NOTE = "Accessed on 2020-02-19"
}

@MISC{MFRC522:doc,
  HOWPUBLISHED = "\url{https://www.nxp.com/docs/en/data-sheet/MFRC522.pdf}",
  AUTHOR = "NXP",
  TITLE = "{MFRC-522 Standard performance MIFARE and NTAG frontend}", 
	YEAR = "2016",
  NOTE = "Accessed on 2020-02-19"
}

@MISC{MAN:ps,
  AUTHOR = "Lankester, Brank and Johnson, Michael and Shields, Michael and Blake, Charles and Mossberger-Tang, David and Cahalan, Albert",
  TITLE = "{ps(1) Linux man page}", 
  YEAR = "2018"
}

@article{review,
  author = {Madakam, Somayya and Ramaswamy, R and Tripathi, Siddharth},
  year = {2015},
  month = {04},
  pages = {164-173},
  title = {{Internet of Things (IoT): A Literature Review}},
  volume = {3},
  journal = {Journal of Computer and Communications},
  doi = {10.4236/jcc.2015.35021}
}

@article{reliability,
  author = {Pokorni, Slavko},
  year = {2019},
  month = {06},
  pages = {588},
  title = {{Reliability and availability of the Internet of things}},
  volume = {67},
  journal = {Military Technical Courier},
  doi = {10.5937/vojtehg67-21363}
}

@article{survey,
  author = {AlFuqaha, Ala and Guizani, Mohsen and Mohammadi, Mehdi and Aledhari, Mohammed and Ayyash, Moussa},
  year = {2015},
  month = {11},
  pages = {Fourthquarter 2015},
  title = {Internet of Things: A Survey on Enabling Technologies, Protocols and Applications},
  volume = {17},
  journal = {IEEE Communications Surveys and Tutorials},
  doi = {10.1109/COMST.2015.2444095}
}