@book{Gusf97,
  author = {D.\ Gusfield},
  title = {{Algorithms on Strings, Trees and Sequences}},
  publisher = {Cambridge University Press},
  year = {1997}
}

@article {BachelorThesis,
  author = {Tobias Modschiedler},
  title  = {Upgrading an off-the-shelf coffee machine with RFID-based access control},
  year   = {2014}
}

@article {Saeco
  author = {Saeco}
  title = {saeco_royal_teh_list : Service manual}
  year = {2003}   
}
